<record><leader>00000cas a22000007a 4500</leader><controlfield tag="001">12203380</controlfield><controlfield tag="008">850626d18921899mtucr ne      0    0eng d</controlfield><datafield ind1=" " ind2=" " tag="010"><subfield code="a">sn 85053166 </subfield></datafield><datafield ind1=" " ind2=" " tag="040"><subfield code="a">MTL</subfield><subfield code="b">eng</subfield><subfield code="c">MTL</subfield><subfield code="d">MTG</subfield><subfield code="d">OCLCQ</subfield><subfield code="d">OCLCF</subfield><subfield code="d">OCLCO</subfield></datafield><datafield ind1=" " ind2=" " tag="042"><subfield code="a">msc</subfield></datafield><datafield ind1=" " ind2=" " tag="043"><subfield code="a">n-us-mt</subfield></datafield><datafield ind1="0" ind2="4" tag="245"><subfield code="a">The Bitter Root times.</subfield></datafield><datafield ind1="3" ind2="0" tag="246"><subfield code="a">Bitterroot times</subfield></datafield><datafield ind1=" " ind2=" " tag="260"><subfield code="a">Hamilton, Mont. :</subfield><subfield code="b">G.T. Strudel,</subfield><subfield code="c">1892-1899.</subfield></datafield><datafield ind1=" " ind2=" " tag="300"><subfield code="a">7 v. :</subfield><subfield code="b">ill.</subfield></datafield><datafield ind1=" " ind2=" " tag="310"><subfield code="a">Semiweekly,</subfield><subfield code="b">Jan. 3-Nov. 21, 1899</subfield></datafield><datafield ind1=" " ind2=" " tag="321"><subfield code="a">Weekly,</subfield><subfield code="b">Oct. 22, 1892-Dec. 30, 1898</subfield></datafield><datafield ind1="0" ind2=" " tag="362"><subfield code="a">Vol. 4, no. 29 (Oct. 22, 1892)-v. 11, no. 67 (Nov. 21, 1899).</subfield></datafield><datafield ind1=" " ind2="0" tag="651"><subfield code="a">Hamilton (Ravalli County, Mont.)</subfield><subfield code="v">Periodicals.</subfield></datafield><datafield ind1=" " ind2="7" tag="655"><subfield code="a">Periodicals.</subfield><subfield code="2">fast</subfield><subfield code="0">(OCoLC)fst01411641</subfield></datafield><datafield ind1=" " ind2="7" tag="651"><subfield code="a">Montana</subfield><subfield code="z">Hamilton (Ravalli County)</subfield><subfield code="2">fast</subfield><subfield code="0">(OCoLC)fst01313107</subfield></datafield><datafield ind1=" " ind2=" " tag="752"><subfield code="a">United States</subfield><subfield code="b">Montana</subfield><subfield code="c">Ravalli</subfield><subfield code="d">Hamilton.</subfield></datafield><datafield ind1="0" ind2="0" tag="780"><subfield code="t">Bitter Root bugle</subfield><subfield code="w">(DLC)sn 85053008</subfield></datafield><datafield ind1="0" ind2="7" tag="785"><subfield code="t">Ravalli Republican (Stevensville, Mont. : Weekly : 1894)</subfield><subfield code="w">(DLC)sn 85053167</subfield></datafield><datafield ind1="0" ind2="7" tag="785"><subfield code="t">Ravalli Republican and Bitter Root times</subfield><subfield code="w">(DLC)sn 85053168</subfield></datafield></record>